@article{hallberg2006role,
  title={The role of eddies in determining the structure and response of the wind-driven Southern Hemisphere overturning: Results from the Modeling Eddies in the Southern Ocean (MESO) project},
  author={Hallberg, Robert and Gnanadesikan, Anand},
  journal={Journal of Physical Oceanography},
  volume={36},
  number={12},
  pages={2232--2252},
  year={2006},
  publisher={American Meteorological Society}
}

@incollection{rintoul2001antarctic,
  title={The Antarctic circumpolar current system},
  author={Rintoul, Stephen R and Hughes, Chris W and Olbers, Dirk},
  booktitle={International Geophysics},
  volume={77},
  pages={271--XXXVI},
  year={2001},
  publisher={Elsevier}
}

@article{talley2013closure,
  title={Closure of the global overturning circulation through the Indian, Pacific, and Southern Oceans: Schematics and transports},
  author={Talley, Lynne D},
  journal={Oceanography},
  volume={26},
  number={1},
  pages={80--97},
  year={2013},
  publisher={JSTOR}
}

@article{rahmstorf2006thermohaline,
  title={Thermohaline ocean circulation},
  author={Rahmstorf, Stefan},
  journal={Encyclopedia of quaternary sciences},
  volume={5},
  year={2006},
  publisher={Citeseer}
}

@article{marshall2012closure,
  title={Closure of the meridional overturning circulation through Southern Ocean upwelling},
  author={Marshall, John and Speer, Kevin},
  journal={Nature geoscience},
  volume={5},
  number={3},
  pages={171--180},
  year={2012},
  publisher={Nature Publishing Group UK London}
}


@article{farneti2015assessment,
  title={An assessment of Antarctic Circumpolar Current and Southern Ocean meridional overturning circulation during 1958--2007 in a suite of interannual CORE-II simulations},
  author={Farneti, Riccardo and Downes, Stephanie M and Griffies, Stephen M and Marsland, Simon J and Behrens, Erik and Bentsen, Mats and Bi, Daohua and Biastoch, Arne and B{\"o}ning, Claus and Bozec, Alexandra and others},
  journal={Ocean Modelling},
  volume={93},
  pages={84--120},
  year={2015},
  publisher={Elsevier}
}

@article{morrison2015upwelling,
  title={Upwelling in the southern ocean},
  author={Morrison, Adele K and Fr{\"o}licher, Thomas L and Sarmiento, Jorge L},
  journal={Physics Today},
  volume={68},
  number={1},
  pages={27},
  year={2015},
  publisher={American Institute of Physics}
}


@article{sallee2013assessment,
  title={Assessment of Southern Ocean mixed-layer depths in CMIP5 models: Historical bias and forcing response},
  author={Sall{\'e}e, J-B and Shuckburgh, Emily and Bruneau, Nicolas and Meijers, Andrew JS and Bracegirdle, Thomas J and Wang, Zhaomin},
  journal={Journal of Geophysical Research: Oceans},
  volume={118},
  number={4},
  pages={1845--1862},
  year={2013},
  publisher={Wiley Online Library}
}

@article{downes2011impacts,
  title={Impacts of wind stress on the Antarctic Circumpolar Current fronts and associated subduction},
  author={Downes, SM and Budnick, AS and Sarmiento, Jorge Louis and Farneti, R},
  journal={Geophysical Research Letters},
  volume={38},
  number={11},
  year={2011},
  publisher={Wiley Online Library}
}

@article{meredith2006circumpolar,
  title={Circumpolar response of Southern Ocean eddy activity to a change in the Southern Annular Mode},
  author={Meredith, Michael P and Hogg, Andrew M},
  journal={Geophysical Research Letters},
  volume={33},
  number={16},
  year={2006},
  publisher={Wiley Online Library}
}

@article{spence2014rapid,
  title={Rapid subsurface warming and circulation changes of Antarctic coastal waters by poleward shifting winds},
  author={Spence, Paul and Griffies, Stephen M and England, Matthew H and Hogg, Andrew McC and Saenko, Oleg A and Jourdain, Nicolas C},
  journal={Geophysical Research Letters},
  volume={41},
  number={13},
  pages={4601--4610},
  year={2014},
  publisher={Wiley Online Library}
}

@article{boning2008response,
  title={The response of the Antarctic Circumpolar Current to recent climate change},
  author={B{\"o}ning, Claus W and Dispert, Astrid and Visbeck, Martin and Rintoul, SR and Schwarzkopf, Franziska U},
  journal={Nature Geoscience},
  volume={1},
  number={12},
  pages={864--869},
  year={2008},
  publisher={Nature Publishing Group UK London}
}

@article{adcroft2018mitgcm,
  title={MITgcm documentation},
  author={Adcroft, Alistair and Campin, Jean-Michel and Doddridge, E and Dutkiewicz, S and Evangelinos, C and Ferreira, D and Follows, M and Forget, G and Fox-Kemper, B and Heimbach, P and others},
  journal={Release checkpoint67a-12-gbf23121},
  volume={19},
  year={2018}
}

@article{gopalakrishnan2013state,
  title={State estimates and forecasts of the loop current in the Gulf of Mexico using the MITgcm and its adjoint},
  author={Gopalakrishnan, Ganesh and Cornuelle, Bruce D and Hoteit, Ibrahim and Rudnick, Daniel L and Owens, W Brechner},
  journal={Journal of Geophysical Research: Oceans},
  volume={118},
  number={7},
  pages={3292--3314},
  year={2013},
  publisher={Wiley Online Library}
}

@article{zheng2021evaluation,
  title={Evaluation of Arctic sea-ice cover and thickness simulated by MITgcm},
  author={Zheng, Fei and Sun, Yue and Yang, Qinghua and Mu, Longjiang},
  journal={Advances in Atmospheric Sciences},
  volume={38},
  pages={29--48},
  year={2021},
  publisher={Springer}
}

@article{adcroft1997representation,
  title={Representation of topography by shaved cells in a height coordinate ocean model},
  author={Adcroft, Alistair and Hill, Chris and Marshall, John},
  journal={Monthly Weather Review},
  volume={125},
  number={9},
  pages={2293--2315},
  year={1997},
  publisher={American Meteorological Society}
}

@article{donohue2016mean,
  title={Mean antarctic circumpolar current transport measured in drake passage},
  author={Donohue, KA and Tracey, KL and Watts, DR and Chidichimo, Mar{\'\i}a Paz and Chereskin, TK},
  journal={Geophysical Research Letters},
  volume={43},
  number={22},
  pages={11--760},
  year={2016},
  publisher={Wiley Online Library}
}

@article{spence2010southern,
  title={Southern Ocean response to strengthening winds in an eddy-permitting global climate model},
  author={Spence, Paul and Fyfe, John C and Montenegro, Alvaro and Weaver, Andrew J},
  journal={Journal of Climate},
  volume={23},
  number={19},
  pages={5332--5343},
  year={2010}
}


@article{doos1994deacon,
  title={The Deacon cell and the other meridional cells of the Southern Ocean},
  author={D{\"o}{\"o}s, Kristofer and Webb, David J},
  journal={Journal of Physical Oceanography},
  volume={24},
  number={2},
  pages={429--442},
  year={1994},
  publisher={American Meteorological Society}
}

@article{speer2000diabatic,
  title={The diabatic Deacon cell},
  author={Speer, Kevin and Rintoul, Stephen R and Sloyan, Bernadette},
  journal={Journal of physical oceanography},
  volume={30},
  number={12},
  pages={3212--3222},
  year={2000},
  publisher={American Meteorological Society}
}
